% Encoding: UTF-8

@book{applebaum2009,
    title={{L{\'e}vy Processes and Stochastic Calculus}},
    author={Applebaum, David},
    year={2009},
    publisher={Cambridge University Press}
    address = {Cambridge}
}

@ARTICLE{Chen2017168,
    author = {Chen, Zhen-Qing},
    title = {Time fractional equations and probabilistic representation},
    year = {2017},
    journal = {Chaos, Solitons and Fractals},
    volume = {102},
    pages = {168--174},
}

@ARTICLE{Deng20201133,
    author = {Deng, Chang-Song and Liu, Wei},
    title = {Semi-implicit {Euler–Maruyama} method for non-linear time-changed stochastic differential equations},
    year = {2020},
    journal = {BIT Numerical Mathematics},
    volume = {60},
    number = {4},
    pages = {1133--1151},
}

@ARTICLE{Deng2017,
    author = {Deng, Chang-Song and Schilling, René L.},
    title = {Harnack inequalities for {SDEs} driven by time-changed fractional brownian motions},
    year = {2017},
    journal = {Electronic Journal of Probability},
    volume = {22},
    pages = {1--23},
}

@ARTICLE{Diethelm20023,
    author = {Diethelm, Kai and Ford, Neville J. and Freed, Alan D.},
    title = {A predictor-corrector approach for the numerical solution of fractional differential equations},
    year = {2002},
    journal = {Nonlinear Dynamics},
    volume = {29},
    number = {1-4},
    pages = {3--22},
}


@ARTICLE{Du2012667,
    author = {Du, Qiang and Gunzburger, Max and Lehoucq, R.B. and Zhou, Kun},
    title = {Analysis and approximation of nonlocal diffusion problems with volume constraints},
    year = {2012},
    journal = {SIAM Review},
    volume = {54},
    number = {4},
    pages = {667--696},
}

@incollection{giles2006,
    title={{Improved Multilevel Monte Carlo Convergence Using the Milstein Scheme}},
    author={Giles, Mike},
	booktitle={Monte Carlo and Quasi-Monte Carlo Methods 2006},
    year={2008},
    publisher = {Springer Berlin Heidelberg},
    address = {Berlin, Heidelberg}
}

@article{giles2018,
    title={Multilevel Monte Carlo methods for applications in finance},
    author={Giles, Michael B and Szpruch, Lukasz},
    journal={High-Performance Computing in Finance},
    pages={197--247},
    year={2018},
    publisher={Chapman and Hall/CRC}
}


@ARTICLE{Hahn2012262,
    author = {Hahn, Marjorie and Kobayashi, Kei and Umarov, Sabir},
    title = {{SDEs} Driven by a Time-Changed {Lévy} Process and Their Associated Time-Fractional Order Pseudo-Differential Equations},
    year = {2012},
    journal = {Journal of Theoretical Probability},
    volume = {25},
    number = {1},
    pages = {262--279},
}

@ARTICLE{Hu2018274,
    author = {Hu, Liangjian and Li, Xiaoyue and Mao, Xuerong},
    title = {Convergence rate and stability of the truncated {Euler–Maruyama} method for stochastic differential equations},
    year = {2018},
    journal = {Journal of Computational and Applied Mathematics},
    volume = {337},
    pages = {274--289},
}

@ARTICLE{Hutzenthaler20111563,
    author = {Hutzenthaler, Martin and Jentzen, Arnulf and Kloeden, Peter E.},
    title = {Strong and weak divergence in finite time of {Euler's} method for stochastic differential equations with non-globally {Lipschitz} continuous coefficients},
    year = {2011},
    journal = {Proceedings of the Royal Society A: Mathematical, Physical and Engineering Sciences},
    volume = {467},
    number = {2130},
    pages = {1563--1576},
}

@article{janczura2011subordinated,
  title={Subordinated $\alpha$-stable Ornstein--Uhlenbeck process as a tool for financial data description},
 author={Janczura, Joanna and Orzeł, Sebastian and Wyłomańska, Agnieszka},
  journal={Physica A: Statistical Mechanics and its Applications},
  volume={390},
  number={23-24},
  pages={4379--4387},
  year={2011},
  publisher={Elsevier}
}


@ARTICLE{Jin2019619,
    author = {Jin, Sixian and Kobayashi, Kei},
    title = {Strong approximation of stochastic differential equations driven by a time-changed {Brownian} motion with time-space-dependent coefficients},
    year = {2019},
    journal = {Journal of Mathematical Analysis and Applications},
    volume = {476},
    number = {2},
    pages = {619--636},
}

@ARTICLE{Jin2021829,
    author = {Jin, Sixian and Kobayashi, Kei},
    title = {Strong approximation of time-changed stochastic differential equations involving drifts with random and non-random integrators},
    year = {2021},
    journal = {BIT Numerical Mathematics},
    volume = {61},
    number = {3},
    pages = {829--857},
}

@ARTICLE{Jum2016201,
    author = {Jum, Ernest and Kobayashi, Kei},
    title = {A strong and weak approximation scheme for stochastic differential equations driven by a time-changed {Brownian} motion},
    year = {2016},
    journal = {Probability and Mathematical Statistics},
    volume = {36},
    number = {2},
    pages = {201--220},
}

@ARTICLE{Kobayashi2011,
    author = {Kobayashi, Kei},
    title = {Stochastic Calculus for a Time-Changed Semimartingale and the Associated Stochastic Differential Equations},
    year = {2011},
    journal = {Journal of Theoretical Probability},
    volume = {24},
    number = {3},
    pages = {789--820},
}

@BOOK{Li20151,
    author = {Li, Changpin and Zeng, Fanhai},
    title = {{Numerical Methods for Fractional Calculus}},
    year = {2015},
    publisher = {Numerical Methods for Fractional Calculus},
    address = {Chapman and Hall}
}

@ARTICLE{Li2023651,
    author = {Li, Xiaotong and Liao, Juan and Liu, Wei and Xing, Zhuo},
    title = {Convergence and Stability of an Explicit Method for Autonomous Time-Changed Stochastic Differential Equations with Super-Linear Coefficients},
    year = {2023},
    journal = {Advances in Applied Mathematics and Mechanics},
    volume = {15},
    number = {3},
    pages = {651--683},
}

@article{li2021,
    title={{Truncated Euler-Maruyama} method for time-changed stochastic differential equations with super-linear state variables and {H\"older's} continuous time variables},
    author={Li, Xiaotong and Liu, Wei and Tang, Tianjiao},
    journal={arXiv preprint arXiv:2110.02819},
    year={2021}
}

@ARTICLE{Li2023,
    author = {Li, Zhi and Xu, Liping and Yan, Litan},
    title = {McKean-Vlasov stochastic differential equations driven by the time-changed Brownian motion},
    year = {2023},
    journal = {Journal of Mathematical Analysis and Applications},
    volume = {527},
    number = {1},
    pages= {127336}
}

@ARTICLE{Liu202066,
    author = {Liu, Wei and Mao, Xuerong and Tang, Jingwen and Wu, Yue},
    title = {Truncated {Euler-Maruyama} method for classical and time-changed non-autonomous stochastic differential equations},
    year = {2020},
    journal = {Applied Numerical Mathematics},
    volume = {153},
    pages = {66--81},
}

@ARTICLE{Magdziarz2009553,
    author = {Magdziarz, Marcin},
    title = {Black-scholes formula in subdiffusive regime},
    year = {2009},
    journal = {Journal of Statistical Physics},
    volume = {136},
    number = {3},
    pages = {553--564},
}

@ARTICLE{Magdziarz20093238,
    author = {Magdziarz, Marcin},
    title = {Stochastic representation of subdiffusion processes with time-dependent drift},
    year = {2009},
    journal = {Stochastic Processes and their lications},
    volume = {119},
    number = {10},
    pages = {3238--3252},
}

@ARTICLE{Magdziarz2011187,
    author = {Magdziarz, Marcin and Orzeł, Sebastian and Weron, Aleksander},
    title = {Option Pricing in Subdiffusive {Bachelier} model},
    year = {2011},
    journal = {Journal of Statistical Physics},
    volume = {145},
    number = {1},
    pages = {187--203},
}

@ARTICLE{Meerschaert,
    author = {Meerschaert, Mark M. and Scheffler, Hans-Peter},
    title = {Limit theorems for continuous-time random walks with infinite mean waiting times},
    year = {2004},
    journal = {Journal of Applied Probability},
    volume = {41},
    number = {3},
    pages = {623--638},
}

@ARTICLE{Nane2016103,
    author = {Nane, Erkan and Ni, Yinan},
    title = {Stochastic solution of fractional {Fokker-Planck} equations with space-time-dependent coefficients},
    year = {2016},
    journal = {Journal of Mathematical Analysis and Applications},
    volume = {442},
    number = {1},
    pages = {103--116},
}

@ARTICLE{Nane20173085,
    author = {Nane, Erkan and Ni, Yinan},
    title = {Stability of the solution of stochastic differential equation driven by time-changed {Lévy} noise},
    year = {2017},
    journal = {Proceedings of the American Mathematical Society},
    volume = {145},
    number = {7},
    pages = {3085--3104},
}

@ARTICLE{Nane2018479,
    author = {Nane, Erkan and Ni, Yinan},
    title = {Path stability of stochastic differential equations driven by time-changed {Lévy} noises},
    year = {2018},
    journal = {Alea-latin American Journal of Probability and Mathematical Statistics},
    volume = {15},
    number = {1},
    pages = {479--507},
}

@book{ken1999,
    title={L{\'e}vy {Processes and Infinitely Divisible Distributions}},
    author={Sato, Ken-Iti},
    year={1999},
    publisher={Cambridge university press},
}

@ARTICLE{Shen2023,
    author = {Shen, Guangjun and Zhang, Tingting and Song, Jie and Wu, Jiang-Lun},
    title = {On a Class of Distribution Dependent Stochastic Differential Equations Driven by Time-Changed Brownian Motions},
    year = {2023},
    journal = {Applied Mathematics and Optimization},
    volume = {88},
    number = {2},
    pages = {1432--0606}
}

@BOOK{Umarov20181,
    author = {Umarov, Sabir and Hahn, Marjorie and Kobayashi, Kei},
    title = {Beyond the triangle: Brownian motion, {Ito} calculus, and {Fokker-Planck} equation - fractional generalizations},
    year = {2018},
    publisher = {World Scientific Publishing Co.Pte.Ltd},
    address={Hackensack}
}

@ARTICLE{Wang20232125,
    author = {Wang, Dongling and Zou, Jun},
    title = {{Mittag–Leffler} stability of numerical solutions to time fractional {ODEs}},
    year = {2023},
    journal = {Numerical Algorithms},
    volume = {92},
    number = {4},
    pages = {212--2159},
}

@ARTICLE{Wen2023,
    author = {Wen, Xueqi and Li, Zhi and Xu, Liping},
    title = {Strong approximation of non-autonomous time-changed {McKean–Vlasov} stochastic differential equations},
    year = {2023},
    journal = {Communications in Nonlinear Science and Numerical Simulation},
    volume = {119},
    pages = {107122}
}

@article{wu2016stability,
    title={Stability analysis for a class of nonlinear time-changed systems},
    author={Wu, Qiong},
    journal={Cogent Mathematics},
    volume={3},
    number={1},
    year={2016},
    pages ={1228273},

}

@ARTICLE{Yin20212338,
    author = {Yin, Xiuwei and Xu, Wentao and Shen, Guangjun},
    title = {Stability of stochastic differential equations driven by the time-changed {Lévy} process with impulsive effects},
    year = {2021},
    journal = {International Journal of Systems Science},
    volume = {52},
    number = {11},
    pages = {2338--2357},
}

@ARTICLE{Zhang2019689,
    author = {Zhang, Xiaozhi and Yuan, Chenggui},
    title = {Razumikhin-type theorem on time-changed stochastic functional differential equations with {Markovian} switching},
    year = {2019},
    journal = {Open Mathematics},
    volume = {17},
    number = {1},
    pages = {689--699},
}


@ARTICLE{Wang2013466,
    author = {Wang, Xiaojie and Gan, Siqing},
    title = {The tamed {Milstein} method for commutative stochastic differential equations with non-globally {Lipschitz} continuous coefficients},
    year = {2013},
    journal = {Journal of Difference Equations and Applications},
    volume = {19},
    number = {3},
    pages = {466--490},
}

@article{刘暐2020,
    title={随机方程的截断方法综述},
    author={刘暐 and 毛学荣},
    journal={安徽工程大学学报},
    volume={35},
    number={1},
    pages={1--11},
    year={2020}
}

@mastersthesis{汤婧雯2021,
    title={非自治随机微分方程的截断欧拉方法及其应用},
    author={汤婧雯},
    year={2021},
    school={上海师范大学}
}

@mastersthesis {吴硕2017,
    title = {随机微分方程的截断θ方法的收敛性分析},
    author = { 吴硕 },
    school = {广西师范大学},
    year = {2017}
}
