% Encoding: UTF-8

@article{magdziarz2009stochastic,
  title={Stochastic representation of subdiffusion processes with time-dependent drift},
  author={Magdziarz, Marcin},
  journal={Stochastic Processes and their Applications},
  volume={119},
  number={10},
  pages={3238--3252},
  year={2009},
  publisher={Elsevier}
}

@article{jum2014strong,
  title={A strong and weak approximation scheme for stochastic differential equations driven by a time-changed Brownian motion},
  author={Jum, Ernest and Kobayashi, Kei},
  journal={arXiv preprint arXiv:1408.4377},
  year={2014}
}

@article{jin2019strong,
  title={Strong approximation of stochastic differential equations driven by a time-changed Brownian motion with time-space-dependent coefficients},
  author={Jin, Sixian and Kobayashi, Kei},
  journal={Journal of Mathematical Analysis and Applications},
  volume={476},
  number={2},
  pages={619--636},
  year={2019},
  publisher={Elsevier}
}

@book{daley2003introduction,
  title={An introduction to the theory of point processes: volume I: elementary theory and methods},
  author={Daley, Daryl J and Vere-Jones, David and others},
  year={2003},
  publisher={Springer}
}

@article{lageraas2005renewal,
  title={A renewal-process-type expression for the moments of inverse subordinators},
  author={Lager{\aa}s, Andreas Nordvall},
  journal={Journal of Applied Probability},
  volume={42},
  number={4},
  pages={1134--1144},
  year={2005},
  publisher={Cambridge University Press}
}

@article{umarov2018beyond,
  title={Beyond the triangle: Brownian motion},
  author={Umarov, S and Hahn, M and Kobayashi, K},
  journal={Ito calculus, and Fokker-Planck equation-fractional generalisations},
  year={2018}
}

@article{kobayashi2011stochastic,
  title={Stochastic calculus for a time-changed semimartingale and the associated stochastic differential equations},
  author={Kobayashi, Kei},
  journal={Journal of Theoretical Probability},
  volume={24},
  pages={789--820},
  year={2011},
  publisher={Springer}
}

@book{iacus2008simulation,
  title={Simulation and inference for stochastic differential equations: with R examples},
  author={Iacus, Stefano M and others},
  volume={486},
  year={2008},
  publisher={Springer}
}

@article{deng2020semi,
  title={Semi-implicit Euler--Maruyama method for non-linear time-changed stochastic differential equations},
  author={Deng, Chang-Song and Liu, Wei},
  journal={BIT Numerical Mathematics},
  volume={60},
  pages={1133--1151},
  year={2020},
  publisher={Springer}
}

@ARTICLE{Alfonsi2013602,
	author = {Alfonsi, Aurélien},
	title = {Strong order one convergence of a drift implicit Euler scheme: Application to the CIR process},
	year = {2013},
	journal = {Statistics and Probability Letters},
	volume = {83},
	number = {2},
	pages = {602 – 607},
	type = {Article},
	publication_stage = {Final},
	source = {Scopus},
	note = {Cited by: 67; All Open Access, Green Open Access}
}

@book{KaratzasShreveBM,
  title={Brownian Motion and Stochastic Calculus},
  author={Ioannis Karatzas, Steven E. Shreve},
  year={1998},
  Edition Number:2,
  publisher={Springer New York, NY}
}

@article{berkaoui2008euler,
  title={Euler scheme for SDEs with non-Lipschitz diffusion coefficient: strong convergence},
  author={Berkaoui, Abdel and Bossy, Mireille and Diop, Awa},
  journal={ESAIM: Probability and Statistics},
  volume={12},
  pages={1--11},
  year={2008},
  publisher={EDP Sciences}
}

@phdthesis{bossy2007efficient,
  title={An efficient discretisation scheme for one dimensional SDEs with a diffusion coefficient function of the form| x|\^{} a, a in [1/2, 1},
  author={Bossy, Mireille and Diop, Awa},
  year={2007},
  school={INRIA}
}

@inproceedings{kingman1964doubly,
  title={On doubly stochastic Poisson processes},
  author={Kingman, JFC},
  booktitle={Mathematical Proceedings of the Cambridge Philosophical Society},
  volume={60},
  number={4},
  pages={923--930},
  year={1964},
  organization={Cambridge University Press}
}

@article{shen2022averaging,
  title={An averaging principle for stochastic differential delay equations driven by time-changed L{\'e}vy noise},
  author={Shen, Guangjun and Xu, Wentao and Wu, Jiang-Lun},
  journal={Acta Mathematica Scientia},
  volume={42},
  number={2},
  pages={540--550},
  year={2022},
  publisher={Springer}
}

@article{wen2023strong,
  title={Strong approximation of non-autonomous time-changed McKean--Vlasov stochastic differential equations},
  author={Wen, Xueqi and Li, Zhi and Xu, Liping},
  journal={Communications in Nonlinear Science and Numerical Simulation},
  volume={119},
  pages={107122},
  year={2023},
  publisher={Elsevier}
}

@article{li2023convergence,
  title={Convergence and Stability of an Explicit Method for Autonomous Time-Changed Stochastic Differential Equations with Super-Linear Coefficients},
  author={Li, Xiaotong and Liao, Juan and Liu, Wei and Xing, Zhuo},
  journal={ADVANCES IN APPLIED MATHEMATICS AND MECHANICS},
  volume={15},
  number={3},
  pages={651--683},
  year={2023},
  publisher={GLOBAL SCIENCE PRESS Office B, 9/F, Kings Wing Plaza2, No. 1 On Kwan St~…}
}

@article{jin2021strong,
  title={Strong approximation of time-changed stochastic differential equations involving drifts with random and non-random integrators},
  author={Jin, Sixian and Kobayashi, Kei},
  journal={BIT Numerical Mathematics},
  volume={61},
  number={3},
  pages={829--857},
  year={2021},
  publisher={Springer}
}

@article{liu2020truncated,
  title={Truncated Euler-Maruyama method for classical and time-changed non-autonomous stochastic differential equations},
  author={Liu, Wei and Mao, Xuerong and Tang, Jingwen and Wu, Yue},
  journal={Applied Numerical Mathematics},
  volume={153},
  pages={66--81},
  year={2020},
  publisher={Elsevier}
}
