% Encoding: UTF-8

@article{magdziarz2009stochastic,
  title={Stochastic representation of subdiffusion processes with time-dependent drift},
  author={Magdziarz, Marcin},
  journal={Stochastic Processes and their Applications},
  volume={119},
  number={10},
  pages={3238--3252},
  year={2009},
  publisher={Elsevier}
}

@article{jum2014strong,
  title={A strong and weak approximation scheme for stochastic differential equations driven by a time-changed Brownian motion},
  author={Jum, Ernest and Kobayashi, Kei},
  journal={arXiv preprint arXiv:1408.4377},
  year={2014}
}

@article{jin2019strong,
  title={Strong approximation of stochastic differential equations driven by a time-changed Brownian motion with time-space-dependent coefficients},
  author={Jin, Sixian and Kobayashi, Kei},
  journal={Journal of Mathematical Analysis and Applications},
  volume={476},
  number={2},
  pages={619--636},
  year={2019},
  publisher={Elsevier}
}

@book{daley2003introduction,
  title={An introduction to the theory of point processes: volume I: elementary theory and methods},
  author={Daley, Daryl J and Vere-Jones, David and others},
  year={2003},
  publisher={Springer}
}

@article{lageraas2005renewal,
  title={A renewal-process-type expression for the moments of inverse subordinators},
  author={Lager{\aa}s, Andreas Nordvall},
  journal={Journal of Applied Probability},
  volume={42},
  number={4},
  pages={1134--1144},
  year={2005},
  publisher={Cambridge University Press}
}

@article{umarov2018beyond,
  title={Beyond the triangle: Brownian motion},
  author={Umarov, S and Hahn, M and Kobayashi, K},
  journal={Ito calculus, and Fokker-Planck equation-fractional generalisations},
  year={2018}
}

@article{kobayashi2011stochastic,
  title={Stochastic calculus for a time-changed semimartingale and the associated stochastic differential equations},
  author={Kobayashi, Kei},
  journal={Journal of Theoretical Probability},
  volume={24},
  pages={789--820},
  year={2011},
  publisher={Springer}
}

@book{iacus2008simulation,
  title={Simulation and inference for stochastic differential equations: with R examples},
  author={Iacus, Stefano M and others},
  volume={486},
  year={2008},
  publisher={Springer}
}

@article{deng2020semi,
  title={Semi-implicit Euler--Maruyama method for non-linear time-changed stochastic differential equations},
  author={Deng, Chang-Song and Liu, Wei},
  journal={BIT Numerical Mathematics},
  volume={60},
  pages={1133--1151},
  year={2020},
  publisher={Springer}
}